% !Mode:: "TeX:UTF-8"
%%[1] 国务院空中交通管制委员会办公室.中华人民共和国国家标准--量与单位[S], 1996年8月
@thesis{zhang2013adsb,
  author={张辰},
  title={ADS-B 信号解码板设计及报文处理},
  school={哈尔滨工程大学},
  year={2013},
  pages={3-6},
  address={哈尔滨},
  language={Chinese}
}

%%[2] Federal Aviation Administration, Automatic Dependent Surveillance Broadcast (ADS-B) Out Performance Requirements to Support Air Traffic Control (ATC) Service; Federal Register 75 (103), 2010.
@article{mccallie2011security,
  title={Security analysis of the ADS-B implementation in the next generation air transportation system},
  author={McCallie, Donald and Butts, Jonathan and Mills, Robert},
  journal={International Journal of Critical Infrastructure Protection},
  volume={4},
  number={2},
  pages={78--87},
  year={2011},
}

%%[3] 黄晋．广播式自动相关监视(ADS-B)在中国民航飞行学院的应用研究[D]．成都：西南交通大学，2008．
@thesis{huang2008guang,
  AUTHOR = {黄晋},
  TITLE = {广播式自动相关监视（ADS-B）在中国民航飞行学院的应用研究[D]},
  school = {西南交通大学},
  YEAR = {2008},
  pages = {7-10},
  address = {成都},
  language = {Chinese}
}

%%[4] 戴超成.广播式自动相关监视（ADS-B）关键技术及仿真研究.上海：上海交通大学，2011年, 1-6
@thesis{dai2011guang,
  AUTHOR = {戴超成},
  TITLE = {广播式自动相关监视（ADS-B）关键技术及仿真研究},
  school = {上海交通大学},
  YEAR = {2011},
  pages = {1-6},
  address = {上海},
  language = {Chinese}
}


%%[5] K. Tysen  Mueller，Jimmy  Krozel. Aircraft  ADS-B  intent  verification  based  on  a  Kalman tracking  filter[A]. AIAA  Guidance Navigation and  Control  Conference, 2000
@conference{mueller2000aircraft,
  author = {K. Tysen  Mueller，Jimmy  Krozel},
  title = {Aircraft  ADS-B  intent  verification  based  on  a  Kalman tracking  filter[A]},
  year = {2000},
  pages = {4067-4072},
  address = {Denver},
  publisher = {AIAA  Guidance Navigation and  Control  Conference Proceedings}
}


%%[6] Jimmy  Krozel，Dominick  Andrisani. Aircraft  ADS-B  Data  Integrity  Check  [A]. Aviation  Technology Integration  and  Operations  (ATIO)  Forum, Chicago, 2004
@conference{krozel2004aircraft,
  author = {Krozel, Jimmy and Andrisani, Dominick and Ayoubi, Mohammad A and Hoshizaki, Takayuki and Schwalm, Chris},
  title = {Aircraft ADS-B data integrity check},
  year = {2004},
  pages = {1-11},
  address = {Chicago},
  publisher = {AIAA 4th Aviation Technology, Integration and Operations (ATIO) Forum}
}

%%[7] Jimmy  Krozel ， Dominick  Andrisani. Independent  ADS-B  Verification  and  Validation [A]. Aviation  Technology Integration  and  Operations  Conference, 2005
@conference{krozel2005independent,
  author = {Krozel, Jimmy and Andrisani, Dominick},
  title = {Independent ADS-B verification and validation},
  year = {2005},
  pages = {1-11},
  address = {Arlington},
  publisher = {AIAA Aviation, Technology, Integration, and Operations Conference Proceedings}
}


%%[8]
@article{liu20151090es,
  title={1090ES 广播式自动相关监视系统 CPR 算法解析},
  author={刘畅},
  journal={电子世界},
  volume={7},
  number={13},
  pages={180-181},
  year={2015},
  language={Chinese}
}

%%[9] 白松浩，朱晓辉，陈志杰．广播式与合约式自动相关监视的信息转换[J]．系统工程与电子技术．2005，27(9)：1658-1660
@article{bai2005guang,
  title={广播式与合约式自动相关监视的信息转换[J]},
  author={白松浩，朱晓辉，陈志杰},
  journal={系统工程与电子技术},
  volume={27},
  number={9},
  pages={1658-1660},
  year={2005},
  language={Chinese}
} 

%%[10] 陈志杰，朱晓辉．基于现有机载设备信道构建 UAT 数据链路[J]．系统工程与电子技术．2008，30(10)：1840-1843
@article{chen2008jiyu,
  title={基于现有机载设备信道构建 UAT 数据链路[J]},
  author={陈志杰，朱晓辉},
  journal={系统工程与电子技术},
  volume={30},
  number={10},
  pages={1840-1843},
  year={2008},
  language={Chinese}
}
 
%%[11] Huang  Fei，Zhang  Jun，Zhu  Yanbo，Liu  Wei. Modeling  and  Simulation  of  an  Aeronautical Subnetwork  Based  on  Universal  Access  Transceiver  [A].Asia  Simulation  Conference, 2008, 541-544
@conference{huang2008modeling,
  author = {Huang  Fei，Zhang  Jun，Zhu  Yanbo，Liu  Wei},
  title = {Modeling and Simulation of an Aeronautical Subnetwork Based on Universal Access Transceiver},
  year = {2008},
  pages = {541-544},
  address = {Chengdu},
  publisher = {Asia Simulation Conference}
}

%%[12] K. Sampigethaya and R. Poovendran, “Security and privacy of future aircraft wireless communications with offboard systems,” in Proc. 3rd Int. Conf. COMSNETS, Jan. 2011, pp. 1–6.
@conference{sampigethaya2011security,
  author = {Sampigethaya, Krishna and Poovendran, Radha},
  title = {Security and privacy of future aircraft wireless communications with offboard systems},
  year = {2011},
  pages = {1-6},
  address = {Bellevue},
  publisher = {Communication Systems and Networks (COMSNETS) 2011 Third International Conference}
}

%%[13] K. Sampigethaya and L. Bushnell, “A framework for securing future e-enabled aircraft navigation and surveillance,” in Proc. AIAA, 2009,pp. 1–10.
@conference{sampigethaya2009framework,
  author = {Sampigethaya, Krishna and Poovendran, Radha and Bushnell, Linda},
  title = {A framework for securing future e-enabled aircraft navigation and surveillance},
  year = {2009},
  pages  = {1-10},
  address = {Seattle},
  publisher = {AIAA Proceedings}
}

%%[14] D. McCallie, J. Butts, and R. Mills.Security analysis of the ADSB implementation in the next generation air transportation system[J].Critical Infrastructure Protection，2011,8: 78-87
@article{mccallie2011security,
  title={Security analysis of the ADS-B implementation in the next generation air transportation system},
  author={McCallie, Donald and Butts, Jonathan and Mills, Robert},
  journal={International Journal of Critical Infrastructure Protection},
  volume={4},
  number={2},
  pages={78--87},
  year={2011}
}

%%[15] A. Costin and A. Francillon. Ghost in the air (traffic): On insecurity of ADS-B protocol and practical attacks on ADS-B devices[Black Hat USA]. https://media.blackhat.com/bh-us-12/Briefings/Costin/BH_US_12_Costin_Ghosts_In_Air_WP.pdf, 2012
@article{costin2012ghost,
  title={Ghost in the Air (Traffic): On insecurity of ADS-B protocol and practical attacks on ADS-B devices},
  author={Costin, Andrei and Francillon, Aur{\'e}lien},
  journal={Black Hat USA},
  volume={49},
  number={31},
  pages={1-12},
  year={2012}
}


%%[16] M. Schafer, V. Lenders, and I. Martinovic. Experimental analysis of attacks on next generation air traffic communication. Appl. Cryptography Netw. Security, 2013, 253–271
@conference{schafer2013experimental,
  author = {Sch{\"a}fer, Matthias and Lenders, Vincent and Martinovic, Ivan},
  title = {Experimental analysis of attacks on next generation air traffic communication},
  year = {2013},
  pages = {253–271},
  address = {Banff},
  publisher = {Applied Cryptography and Network Security}
}


%%[17] B. Kovell, B. Mellish, T. Newman, and O. Kajopaiye.Comparative analysis of ADS-B verification techniques.Boston.USA：Univ.Colorado，2012
@article{kovell2012comparative,
  title={Comparative analysis of ADS-B verification techniques},
  author={Kovell, Brandon and Mellish, Benjamin and Newman, Thomas and Kajopaiye, Olusola},
  journal={The University of Colorado, Boulder},
  volume={4},
  number={12},
  pages={63--70},
  year={2012}
}

%%[18] B. Nuseibeh, C. B. Haley, and C. Foster.Securing the skies: In requirements we trust.Computer，2009, 42(9): 64–72
@article{nuseibeh2009securing,
  title={Securing the skies: In requirements we trust},
  author={Nuseibeh, Bashar and Haley, Charles B and Foster, Craig},
  journal={Computer},
  volume={4},
  number={9},
  pages={64--72},
  year={2009}
}

%%[19] J. Burbank, R. Nichols, S. Munjal, R. Pattay, and W. Kasch. Advanced communications networking concepts for the National Airspace System. IEEE Aerosp. Conference Proceedings, 2005, 1905–1923
@conference{burbank2005advanced,
  author = {Burbank, Jack and Nichols, Robert and Munjal, Sunita and Pattay, Robert and Kasch, William},
  title = {Advanced communications networking concepts for the National Airspace System},
  year = {2005},
  pages = {1905–1923},
  address = {Big Sky, MT},
  publisher = {2005 IEEE Aerospace Conference Proceedings}
}


%%[20] W. W. Li and P. Kamal. Integrated aviation security for defense-indepth of next generation air transportation system. IEEE Conference Technology Homeland Security Proceedings, 2011, 136–142
@conference{li2011integrated,
  author = {Li, W and Kamal, Pan},
  title = {Integrated aviation security for defense-indepth of next generation air transportation system},
  year = {2011},
  pages = {136–142},
  address = {Waltham, MA},
  publisher = {Technologies for Homeland Security (HST) 2011 IEEE International Conference}
}


%%[21] Tso-Cho Chen, HsinChu. An Authenticated Encryption Scheme for Automatic Dependent Surveillance-Broadcast Data Link. Cross Strait Quad-Regional Radio Science and Wireless Technology Conference, 2012, 127-131
@conference{chen2012authenticated,
  author = {Chen, Tso-Cho},
  title = {An authenticated encryption scheme for automatic dependent surveillance-broadcast data link},
  year = {2012},
  pages = {127-131},
  address = {New Taipei City},
  publisher = {Cross Strait Quad-Regional Radio Science and Wireless Technology Conference}
}


%%[22] 何桂萍,徐亚军.ADS-B 数据链的比较及特性研究[J].中国民航飞行学院院报，2010, 21(4): 3-6
@article{he2010adsb,
  title={ADS-B 数据链的比较及特性研究[J]},
  author={何桂萍,徐亚军},
  journal={中国民航飞行学院院报},
  volume={21},
  number={4},
  pages={3-6},
  year={2010},
  language={Chinese}
}

%%[23] 时宏伟.ADS-B 数据链应用技术的综合评述（一）[J].空中交通管理，2007, (6): 13-16
@article{shi2007adsb,
  title={ADS-B 数据链应用技术的综合评述},
  author={时宏伟},
  journal={空中交通管理},
  volume={17},
  number={6},
  pages={13-16},
  year={2007},
  language={Chinese}
}

%%[24] 杨成,林琳.ADS-B 数据链应用风险与对策研究[J].现代电子技术，2014, 37(21)): 98-101
@article{yang2014adsb,
  title={ADS-B 数据链应用风险与对策研究},
  author={杨成,林琳},
  journal={现代电子技术},
  volume={37},
  number={21},
  pages={98-101},
  year={2014},
  language={Chinese}
}

%%[25] 杨荣盛,何光勤,潘卫军.基于低空空域适用性的 ADS-B 数据链研究[J].苏州科技学院学报，2011, 24(2): 63-67
@article{yang2011jiyu,
  title={基于低空空域适用性的 ADS-B 数据链研究[J]},
  author={杨荣盛,何光勤,潘卫军},
  journal={苏州科技学院学报},
  volume={24},
  number={2},
  pages={63-67},
  year={2011},
  language={Chinese}
}

%%[26] 李德胜.基于 UAT 数据链的 ADS-B 机载系统的设计与实现[J].航空维修与工程，2012, (2): 56-59
@article{li2012jiyu,
  title={基于 UAT 数据链的 ADS-B 机载系统的设计与实现[J]},
  author={李德胜},
  journal={航空维修与工程},
  volume={8},
  number={2},
  pages={56-59},
  year={2012},
  language={Chinese}
}

%%[27] 吕小平.ADS—B 应用中 UAT 技术介绍[J].空中交通管理，2007,(8): 19-21
@article{lv2007adsb,
  title={ADS—B 应用中 UAT 技术介绍[J]},
  author={吕小平},
  journal={空中交通管理},
  volume={12},
  number={8},
  pages={19-21},
  year={2007},
  language={Chinese}
}

%%[28] 丁立平.基于 VDL-4 技术的机场场面车辆管理系统研究[J].指挥信息系统与技术，2010, (6): 55-60
@article{ding2010jiyu,
  title={基于 VDL-4 技术的机场场面车辆管理系统研究},
  author={丁立平},
  journal={指挥信息系统与技术},
  volume={11},
  number={6},
  pages={55-60},
  year={2010},
  language={Chinese}
}
 
%%[29] 邱伟杰.ADS-B广播式自动相关监视系统多数据链路融合方案探索[J].科技风，2011,(15): 23-25
@article{qiu2011adsb,
  title={ADS-B广播式自动相关监视系统多数据链路融合方案探索[J]},
  author={邱伟杰},
  journal={科技风},
  volume={34},
  number={15},
  pages={23-25},
  year={2011},
  language={Chinese}
}

%%[30] 苏杰，王波.三种 ADS-B 技术比较及基于 1090ES 的 ADS-B 在成都-九寨的应用[J].空中交通管理，2007, 11: 55-57
@article{su2007sanzhong,
  title={三种 ADS-B 技术比较及基于 1090ES 的 ADS-B 在成都-九寨的应用[J]},
  author={苏杰，王波},
  journal={空中交通管理},
  volume={11},
  number={7},
  pages={55-57},
  year={2007},
  language={Chinese}
}

   
%%[31] 刘哲理, 贾春福, 李经纬. 保留格式加密技术研究. 软件学报,2012,23(1): 152~170
@article{liu2012ge,
  title={保留格式加密技术研究},
  author={刘哲理, 贾春福, 李经纬},
  journal={软件学报},
  volume={23},
  number={1},
  pages={152-170},
  year={2012},
  language={Chinese}
}

%%[32] Bellare M, Rogaway P, Spies T. The  FFX  mode  of  operation  for  format-preserving encryption. http://www.csrc.nist.gov/groups/ST/toolkit/BCM/documents/ proposedmodes/ffx/ffx-spec.pdf, 2011
@article{bellare2010ffx,
  title={The FFX mode of operation for format-preserving encryption},
  author={Bellare, Mihir and Rogaway, Phillip and Spies, Terence},
  journal={NIST submission},
  volume={20},
  number={13},
  year={2010}
}

%%[33] M. Bellare, T. Ristenpart, P. Rogaway, and T. Stegers. Format-preserving encryption. Springer:Selected Areas in Cryptography , 2009
@conference{bellare2009format,
  author={Bellare, Mihir and Ristenpart, Thomas and Rogaway, Phillip and Stegers, Till},
  title={Format-preserving encryption},
  year={2009},
  pages={295-312},
  address={Calgary, Alberta, Canada},
  publisher={Selected Areas in Cryptography}
}

%%[34] J. Black and P. Rogaway.Ciphers with arbitrary finite domains.RSA Data Security Conference，2002, 2271: 114–130
@conference{black2002ciphers,
  author={Black, John and Rogaway, Phillip},
  title={Ciphers with arbitrary finite domains},
  year={2002}, 
  pages={114-130}, 
  address={CA,USA},
  publisher={Springer Topics in Cryptology—CT-RSA}
}
